<?xml version="1.0" encoding="UTF-8"?>
<collection xmlns:xsi="http://www.w3.org/2001/XMLSchema-instance" xsi:schemaLocation="http://www.loc.gov/MARC21/slim http://www.loc.gov/standards/marcxml/schema/MARC21slim.xsd" xmlns="http://www.loc.gov/MARC21/slim">
<record>
  <leader>01269cam a2200313La 4500</leader>
  <controlfield tag="001">6662194</controlfield>
  <controlfield tag="003">NNC</controlfield>
  <controlfield tag="005">20160718182718.0</controlfield>
  <controlfield tag="008">080530s194u    ua a    r     000 0 ara d</controlfield>
  <datafield tag="035" ind1=" " ind2=" ">
    <subfield code="a">(OCoLC)ocn229452516</subfield>
  </datafield>
  <datafield tag="035" ind1=" " ind2=" ">
    <subfield code="a">(OCoLC)229452516</subfield>
  </datafield>
  <datafield tag="035" ind1=" " ind2=" ">
    <subfield code="a">(NNC)6662194</subfield>
  </datafield>
  <datafield tag="040" ind1=" " ind2=" ">
    <subfield code="a">ZCU</subfield>
    <subfield code="b">eng</subfield>
    <subfield code="c">ZCU</subfield>
    <subfield code="d">OCLCA</subfield>
    <subfield code="d">OCLCF</subfield>
    <subfield code="d">OCLCQ</subfield>
  </datafield>
  <datafield tag="050" ind1=" " ind2="4">
    <subfield code="a">BF1618.A7</subfield>
    <subfield code="b">I26 1940a</subfield>
  </datafield>
  <datafield tag="100" ind1="1" ind2=" ">
    <subfield code="a">Ibn al-Ḥājj, Muḥammad ibn Muḥammad,</subfield>
    <subfield code="d">-1336.</subfield>
  </datafield>
  <datafield tag="245" ind1="1" ind2="0">
    <subfield code="a">Shumūs al-anwār wa-kunūz al-asrār al-kubrá.</subfield>
  </datafield>
  <datafield tag="260" ind1=" " ind2=" ">
    <subfield code="a">Cairo :</subfield>
    <subfield code="b">[publisher not identified],</subfield>
    <subfield code="c">[194-?]</subfield>
  </datafield>
  <datafield tag="300" ind1=" " ind2=" ">
    <subfield code="a">131 pages ;</subfield>
    <subfield code="c">22 cm</subfield>
  </datafield>
  <datafield tag="336" ind1=" " ind2=" ">
    <subfield code="a">text</subfield>
    <subfield code="b">txt</subfield>
    <subfield code="2">rdacontent</subfield>
  </datafield>
  <datafield tag="337" ind1=" " ind2=" ">
    <subfield code="a">unmediated</subfield>
    <subfield code="b">n</subfield>
    <subfield code="2">rdamedia</subfield>
  </datafield>
  <datafield tag="338" ind1=" " ind2=" ">
    <subfield code="a">volume</subfield>
    <subfield code="b">nc</subfield>
    <subfield code="2">rdacarrier</subfield>
  </datafield>
  <datafield tag="533" ind1=" " ind2=" ">
    <subfield code="a">Preservation photocopy.</subfield>
    <subfield code="b">New York, N.Y. :</subfield>
    <subfield code="c">Columbia University Libraries,</subfield>
    <subfield code="d">2007.</subfield>
    <subfield code="e">131 p. ; 22 cm.</subfield>
  </datafield>
  <datafield tag="650" ind1=" " ind2="0">
    <subfield code="a">Islamic magic</subfield>
    <subfield code="v">Early works to 1800.</subfield>
  </datafield>
  <datafield tag="650" ind1=" " ind2="0">
    <subfield code="a">Alphabet</subfield>
    <subfield code="x">Religious aspects</subfield>
    <subfield code="x">Islam</subfield>
    <subfield code="v">Early works to 1800.</subfield>
  </datafield>
  <datafield tag="650" ind1=" " ind2="0">
    <subfield code="a">Occultism</subfield>
    <subfield code="x">Religious aspects</subfield>
    <subfield code="x">Islam</subfield>
    <subfield code="v">Early works to 1800.</subfield>
  </datafield>
  <datafield tag="650" ind1=" " ind2="7">
    <subfield code="a">Alphabet</subfield>
    <subfield code="x">Religious aspects</subfield>
    <subfield code="x">Islam.</subfield>
    <subfield code="2">fast</subfield>
    <subfield code="0">(OCoLC)fst00805955</subfield>
  </datafield>
  <datafield tag="650" ind1=" " ind2="7">
    <subfield code="a">Islamic magic.</subfield>
    <subfield code="2">fast</subfield>
    <subfield code="0">(OCoLC)fst01730344</subfield>
  </datafield>
  <datafield tag="650" ind1=" " ind2="7">
    <subfield code="a">Occultism</subfield>
    <subfield code="x">Religious aspects</subfield>
    <subfield code="x">Islam.</subfield>
    <subfield code="2">fast</subfield>
    <subfield code="0">(OCoLC)fst01043141</subfield>
  </datafield>
  <datafield tag="655" ind1=" " ind2="7">
    <subfield code="a">Early works.</subfield>
    <subfield code="2">fast</subfield>
    <subfield code="0">(OCoLC)fst01411636</subfield>
  </datafield>
  <datafield tag="955" ind1=" " ind2=" ">
    <subfield code="b">CU18192300</subfield>
    <subfield code="d">off,glx</subfield>
    <subfield code="e">893.798 Ib5</subfield>
  </datafield>
</record>
</collection>